% 参考文献の例
@article{example2023,
  title={論文タイトルの例},
  author={著者名},
  journal={ジャーナル名},
  year={2023},
  volume={1},
  number={1},
  pages={1--10}
}
